@article{fama1997,
  title={Industry costs of equity},
  author={Fama, Eugene F and French, Kenneth R},
  journal={Journal of financial economics},
  volume={43},
  number={2},
  pages={153--193},
  year={1997},
  publisher={Elsevier}
}


@article{grinold2000,
  title={Active portfolio management},
  author={Grinold, Richard C and Kahn, Ronald N},
  year={2000},
  publisher={McGraw Hill New York, NY}
}


  @Manual{Texevier,
    title = {{Texevier}: {P}ackage to create Elsevier templates for Rmarkdown},
    author = {N.F. Katzke},
    organization = {Bureau for Economic Research},
    address = {Stellenbosch, South Africa},
    note = {version 0.1.2},
    year = {2017},
  }

  @article{jena2021volatility,
  title={Volatility spillover dynamics between large-, mid-, and small-cap stocks in the time-frequency domain: Implications for portfolio management},
  author={Jena, Sangram Keshari and Tiwari, Aviral Kumar and Dash, Ashutosh and Aikins Abakah, Emmanuel Joel},
  journal={Journal of Risk and Financial Management},
  volume={14},
  number={11},
  pages={531},
  year={2021},
  publisher={MDPI}
}
